@www{CRN2016outage,
 title= {The 10 Biggest Cloud Outages Of 2016},
  url= {http://bit.ly/2bjsPGL},
  year={2016}
}

@www{newrelic,
 title= {New Relic - Application and Performance Monitoring},
  url= {http://bit.ly/2gpkvYm},
  year={2017}
}

@www{predinsight,
 title= {{IBM} Operations Analytics - Predictive Insights},
  url= {http://ibm.co/29kqBWf},
  year={2017}
}


@www{ruxit,
 title= {Ruxit - Cloud native monitoring},
  url= {http://bit.ly/2mKwAFJ},
  year={2017}
}


@www{europa2015sme,
 title= {{SME} Performance Review {E}uropean {SME}'s},
 author={Muller, Patrice and Caliandro, Cecilia and Peycheva, Viktoriya and Gagliardi, Dimitri and Marzocchi, Chiara and Ramlogan, Ronald and Cox, Deborah},
  url= {http://bit.ly/23NnKIx},
  year={2015}
}

@www{DCcost,
 title= {Calculating the Cost of Data Center Outages},
  url= {http://bit.ly/2bInDgh},
  year={2011}
}

@www{MM1,
 title= {M/{M}/1 {Q}ueue},
  url= {https://en.wikipedia.org/wiki/M/M/1_queue},
  year={2015}
}



@www{cloudbook2015,
 title= {Why Multi-Tenancy is Key to Successful and Sustainable Software-as-a-Service {(SaaS)}},
  url= {http://bit.ly/1vyAKDb},
  year={2015}
}

@www{datacentre2015,
 title= {From {G}oogle to {A}mazon - the rise of the cloud catalog},
  url= {http://bit.ly/1S5elbl},
  year={2015}
}

@www{PaaS2016,
 title= {Best Platform as a Service ({P}aa{S})},
  url= {http://bit.ly/2bavsb5},
  year={2016}
}


@www{CRN2015providers,
 title= {Pole Position: Ranking The Top 5 {IaaS}, {PaaS} And Private Cloud Providers},
  url= {http://bit.ly/1UQCaSf},
  year={2015}
}


@www{Talbot013DBoutage,
 title= {Dropbox Outage Represents First Major Cloud Outage of 2013},
  url= {http://bit.ly/2bjFdla},
  year={2013}
}

@www{Etherington2013DBoutage,
 title= {Dropbox Currently Experiencing Widespread Service Outage},
  url= {http://tcrn.ch/2bDEyM5},
  year={2013}
}

@inproceedings{yuan2014simple,
  title={Simple testing can prevent most critical failures: An analysis of production failures in distributed data-intensive systems},
  author={Yuan, Ding and Luo, Yu and Zhuang, Xin and Rodrigues, Guilherme Renna and Zhao, Xu and Zhang, Yongle and Jain, Pranay U and Stumm, Michael},
  booktitle={11th USENIX Symposium on Operating Systems Design and Implementation (OSDI 14)},
  pages={249--265},
  year={2014}
}

@inproceedings{hagen2012efficient,
  title={Efficient verification of IT change operations or: How we could have prevented Amazon's cloud outage},
  author={Hagen, Sebastian and Seibold, Michael and Kemper, Alfons},
  booktitle={Network Operations and Management Symposium (NOMS), 2012 IEEE},
  pages={368--376},
  year={2012},
  organization={IEEE}
}

@article{li2013cloud,
  title={The Cloud's Cloudy Moment: A Systematic Survey of Public Cloud Service Outage},
  author={Li, Zheng and Liang, Mingfei and {O}'{B}rien, Liam and Zhang, He},
  journal={arXiv preprint arXiv:1312.6485},
  year={2013}
}

@article{sedaghat2015hard,
  title={Die-Hard: Reliable Scheduling to Survive Correlated Failures in Cloud Data Centers},
  author={Sedaghat, Mina and Wadbro, Eddie and Wilkes, John and De Luna, Sara and Seleznjev, Oleg and Elmroth, Erik},
  year={2015},
  publisher={Citeseer}
}

@inproceedings{potharaju2013network,
  title={When the network crumbles: An empirical study of cloud network failures and their impact on services},
  author={Potharaju, Rahul and Jain, Navendu},
  booktitle={Proceedings of the 4th annual Symposium on Cloud Computing},
  pages={15},
  year={2013},
  organization={ACM}
}

@inproceedings{bodik2012surviving,
  title={Surviving failures in bandwidth-constrained datacenters},
  author={Bod{\'\i}k, Peter and Menache, Ishai and Chowdhury, Mosharaf and Mani, Pradeepkumar and Maltz, David A and Stoica, Ion},
  booktitle={Proceedings of the ACM SIGCOMM 2012 conference on Applications, technologies, architectures, and protocols for computer communication},
  pages={431--442},
  year={2012},
  organization={ACM}
}

@article{snyder2015evaluation,
  title={Evaluation and design of highly reliable and highly utilized cloud computing systems},
  author={Snyder, Brett and Ringenberg, Jordan and Green, Robert and Devabhaktuni, Vijay and Alam, Mansoor},
  journal={Journal of Cloud Computing},
  volume={4},
  number={1},
  pages={1},
  year={2015},
  publisher={Springer Berlin Heidelberg}
}


@article{kenny1993estimating,
  title={Estimating defects in commercial software during operational use},
  author={Kenny, Garrison Q},
  journal={IEEE Transactions on Reliability},
  volume={42},
  number={1},
  pages={107--115},
  year={1993},
  publisher={IEEE}
}

@book{o2011practical,
  title={Practical reliability engineering},
  author={O'Connor, Patrick and Kleyner, Andre},
  year={2011},
  publisher={John Wiley \& Sons}
}

@phdthesis{almog1979study,
  title={A study of the application of the lognormal distribution to corrective maintenance repair time},
  author={Almog, Ronny},
  year={1979},
  school={Monterey, California. Naval Postgraduate School}
}

@phdthesis{adedigba2005statistical,
  title={Statistical distributions for service times},
  author={Adedigba, Adebolanle},
  year={2005},
  school={Citeseer}
}

@article{john1963single,
  title={Single Server Queues with Dependent Service and Inter-Arrival Times},
  author={John, Floyd I},
  journal={Journal of the Society for Industrial and Applied Mathematics},
  volume={11},
  number={3},
  pages={526--534},
  year={1963},
  publisher={SIAM}
}

@article{carcary2014adoption,
  title={The adoption of cloud computing by {I}rish {SMEs}--an exploratory study},
  author={Carcary, Marian and Doherty, Eileen and Conway, Gerard},
  journal={Electronic Journal Information Systems Evaluation Volume},
  volume={17},
  year={2014}
}

@article{alshamaila2013cloud,
  title={Cloud computing adoption by SMEs in the north east of England: A multi-perspective framework},
  author={Alshamaila, Yazn and Papagiannidis, Savvas and Li, Feng},
  journal={Journal of Enterprise Information Management},
  volume={26},
  number={3},
  pages={250--275},
  year={2013},
  publisher={Emerald Group Publishing Limited}
}


@article{gholami2016cloud,
  title={Cloud migration processâ€”A survey, evaluation framework, and open challenges},
  author={Gholami, Mahdi Fahmideh and Daneshgar, Farhad and Low, Graham and Beydoun, Ghassan},
  journal={Journal of Systems and Software},
  volume={120},
  pages={31--69},
  year={2016},
  publisher={Elsevier}
}

@www{InfoWorld2015outage,
 title= {The 10 worst cloud outages},
  url= {http://bit.ly/1ISiawO},
  year={2015}
}

@www{wikidef,
 title= {Wikipedia - The Free Encyclopedia},
  url= {http://en.wikipedia.org/wiki},
  
}

@book{sundarapandian2009probability,
  title={Probability, statistics and queuing theory},
  author={Sundarapandian, Vaidyanathan},
  year={2009},
  publisher={Phi Learning}
}

@www{eusmereport2015,
 title= {Executive summary - Final report - Annual Report on European SMEs - 2014 / 2015 - SMEs start hiring again},
  url= {http://ec.europa.eu/DocsRoom/documents/16341/attachments/3/translations/en/renditions/pdf},
year={2015},
}

@Article{fitdistrplus,
    title = {{fitdistrplus}: An {R} Package for Fitting Distributions},
    author = {Marie Laure Delignette-Muller and Christophe Dutang},
    journal = {Journal of Statistical Software},
    year = {2015},
    volume = {64},
    number = {4},
    pages = {1--34},
    url = {http://www.jstatsoft.org/v64/i04/},
  }

@www{ADGoF,
 title= {R Package ADGofTest},
 author={Carlos J. Gil Bellosta},
  url= {http://bit.ly/1NU3c5y},
}

@article{fisher1922interpretation,
  title={On the interpretation of $\chi$ 2 from contingency tables, and the calculation of P},
  author={Fisher, Ronald A},
  journal={Journal of the Royal Statistical Society},
  volume={85},
  number={1},
  pages={87--94},
  year={1922},
  publisher={JSTOR}
}

@book{fisher1925statistical,
  title={Statistical methods for research workers},
  author={Fisher, Ronald Aylmer},
  year={1925},
  publisher={Genesis Publishing Pvt Ltd}
}

@www{FisherExact,
 title= {R Package fisher.test},
 author={},
  url= {http://bit.ly/1NU3c5y},
}


@book{gibbons2011nonparametric,
  title={Nonparametric statistical inference},
  author={Gibbons, Jean Dickinson and Chakraborti, Subhabrata},
  year={2011},
  publisher={Springer}
}

@article{wilk1968probability,
  title={Probability plotting methods for the analysis for the analysis of data},
  author={Wilk, Martin B and Gnanadesikan, Ram},
  journal={Biometrika},
  volume={55},
  number={1},
  pages={1--17},
  year={1968},
  publisher={Biometrika Trust}
}

@book{arnold2015pareto,
  title={Pareto distribution},
  author={Arnold, Barry C},
  year={2015},
  publisher={Wiley Online Library}
}

@article{chen1993theoretical,
  title={Theoretical foundation of the 80/20 rule},
  author={Chen, Ye-Sho and Pete Chong, P and Tong, Yueguo},
  journal={Scientometrics},
  volume={28},
  number={2},
  pages={183--204},
  year={1993},
  publisher={Akad{\'e}miai Kiad{\'o}, co-published with Springer Science+ Business Media BV, Formerly Kluwer Academic Publishers BV}
}

@book{apostolakis1980synthesis,
  title={Synthesis and analysis methods for safety and reliability studies},
  author={Apostolakis, George and Garribba, Sergio and Volta, G},
  volume={106},
  year={1980},
  publisher={Springer}
}

@article{ananda2003confidence,
  title={Confidence intervals for steady state availability of a system with exponential operating time and lognormal repair time},
  author={Ananda, Malwane MA},
  journal={Applied Mathematics and Computation},
  volume={137},
  number={2},
  pages={499--509},
  year={2003},
  publisher={Elsevier}
}

@article{ananda2004steady,
  title={On steady state availability of a system with lognormal repair time},
  author={Ananda, Malwane MA and Gamage, Jinadasa},
  journal={Applied mathematics and computation},
  volume={150},
  number={2},
  pages={409--416},
  year={2004},
  publisher={Elsevier}
}

@article{fisher1915frequency,
  title={Frequency distribution of the values of the correlation coefficient in samples from an indefinitely large population},
  author={Fisher, Ronald A},
  journal={Biometrika},
  volume={10},
  number={4},
  pages={507--521},
  year={1915},
  publisher={JSTOR}
}

@article{spearman1904proof,
  title={The proof and measurement of association between two things},
  author={Spearman, Charles},
  journal={The American journal of psychology},
  volume={15},
  number={1},
  pages={72--101},
  year={1904},
  publisher={JSTOR}
}

@article{galton1890kinship,
  title={Kinship and correlation},
  author={Galton, Francis},
  journal={The North American Review},
  volume={150},
  number={401},
  pages={419--431},
  year={1890},
  publisher={JSTOR}
}

@article{box1970distribution,
  title={Distribution of residual autocorrelations in autoregressive-integrated moving average time series models},
  author={Box, George EP and Pierce, David A},
  journal={Journal of the American statistical Association},
  volume={65},
  number={332},
  pages={1509--1526},
  year={1970},
  publisher={Taylor \& Francis Group}
}

@www{PearSpearR,
 title= {Test for Association/Correlation Between Paired Samples},
 url= {http://bit.ly/2djPSA7},
}

@www{lmR,
 title= {Fitting Linear Models},
 url= {http://bit.ly/2dvqYet},
}

@www{acfR,
 title= {Auto- and Cross- Covariance and -Correlation Function Estimation},
 url= {http://bit.ly/2dKfLZl},
}

@article{blackwell1948renewal,
  title={A renewal theorem},
  author={Blackwell, David and others},
  journal={Duke math. J},
  volume={15},
  pages={145--150},
  year={1948}
}

@article{jewell1967simple,
  title={A simple proof of: L= $\lambda$ W},
  author={Jewell, William S},
  journal={Operations Research},
  volume={15},
  number={6},
  pages={1109--1116},
  year={1967},
  publisher={INFORMS}
}
