@www{SmartCollab,
 title= {3 ways collaborative software can solve enterprise challenges},
 url= {http://bit.ly/2uzU480},
 author={Mark Pendolino},
 year={2017}
}

@www{eightbiz,
 title= {8 Business Problems the Best Collaboration Software Can Solve},
 url= {http://bit.ly/2vfreHX},
 author={Kim Wolf},
 year={2017}
}

@www{slackSME,
 title= {Setting up Slack for small teams},
 url= {http://bit.ly/2vzw81Q},
 author={Matt Haughey},
 year={2017}
}

@wwww{WatWork,
 title= {Watson Workplace},
 url= {https://ibm.co/2uG4ZgW},
 author={},
 year={2017}
 }
 
 @wwww{Slack,
 title= {Slack},
 url= {http://bit.ly/1uEVWVc},
 author={},
 year={2017}
 }
 
 @wwww{MSTeams,
 title= {Microsoft Teams},
 url= {http://bit.ly/2tngfPb},
 author={},
 year={2017}
}

@wwww{Azendo,
 title= {Azendoo},
 url= {http://bit.ly/1lnHcX5},
 author={},
 year={2017}
}

@wwww{emailclutter,
 title= {Sick of Email? Slack Wants to Kill Your Inbox Clutter},
 url= {http://nbcnews.to/2uyzLYR},
 author={Chiara A Sottile},
 year={2017}
}

@wwww{emailparal,
 title= {How To Avoid Email Paralysis},
 url= {http://bit.ly/2vhWlT1},
 author={Carol Fowler},
 year={2017}
}

@wwww{devslack,
 title= {How the engineering team at IBM uses Slack throughout the development lifecycle},
 url= {http://bit.ly/2qcd07G},
 author={},
 year={2017}
}

@wwww{devopsslack,
 title= {How DevOps, agile spurred Slack enterprise adoption},
 url= {http://bit.ly/2kTMHB8},
 author={Clint Boulton},
 year={2017}
}

@book{kleinrock1975queuing,
  title={Queuing systems},
  author={Kleinrock, Leonard},
  year={1975},
  publisher={{W}iley}
}

@article{pearson1894contributions,
  title={Contributions to the mathematical theory of evolution},
  author={Pearson, Karl},
  journal={Philosophical Transactions of the Royal Society of London. A},
  volume={185},
  pages={71--110},
  year={1894},
  publisher={JSTOR}
}

@inproceedings{fisher1925theory,
  title={Theory of statistical estimation},
  author={Fisher, Ronald Aylmer},
  booktitle={Mathematical Proceedings of the Cambridge Philosophical Society},
  volume={22},
  number={5},
  pages={700--725},
  year={1925},
  organization={Cambridge University Press}
}

@article{wilks1938large,
  title={The large-sample distribution of the likelihood ratio for testing composite hypotheses},
  author={Wilks, Samuel S},
  journal={The Annals of Mathematical Statistics},
  volume={9},
  number={1},
  pages={60--62},
  year={1938},
  publisher={JSTOR}
}

@book{cramer1928composition,
  title={On the composition of elementary errors},
  author={Cram{\'e}r, Harald},
  year={1928},
  publisher={Almqvist \& Wiksells}
}

@article{von1928statistik,
  title={Statistik und Wahrheit},
  author={Von Mises, Richard},
  journal={Julius Springer},
  year={1928},
  publisher={Springer}
}

@article{smirnov1948table,
  title={Table for estimating the goodness of fit of empirical distributions},
  author={Smirnov, Nickolay},
  journal={The annals of mathematical statistics},
  volume={19},
  number={2},
  pages={279--281},
  year={1948},
  publisher={JSTOR}
}

@article{anderson1954test,
  title={A test of goodness of fit},
  author={Anderson, Theodore W and Darling, Donald A},
  journal={Journal of the American statistical association},
  volume={49},
  number={268},
  pages={765--769},
  year={1954},
  publisher={Taylor \& Francis}
}


@article{anderson1952asymptotic,
  title={Asymptotic theory of certain" goodness of fit" criteria based on stochastic processes},
  author={Anderson, Theodore W and Darling, Donald A},
  journal={The annals of mathematical statistics},
  pages={193--212},
  year={1952},
  publisher={JSTOR}
}

@article{hill1975simple,
  title={A simple general approach to inference about the tail of a distribution},
  author={Hill, Bruce M and others},
  journal={The annals of statistics},
  volume={3},
  number={5},
  pages={1163--1174},
  year={1975},
  publisher={Institute of Mathematical Statistics}
}

@article{pickands1975statistical,
  title={Statistical inference using extreme order statistics},
  author={Pickands III, James},
  journal={the Annals of Statistics},
  pages={119--131},
  year={1975},
  publisher={JSTOR}
}

@inproceedings{nair2013fundamentals,
  title={The fundamentals of heavy-tails: properties, emergence, and identification},
  author={Nair, Jayakrishnan and Wierman, Adam and Zwart, Bert},
  booktitle={ACM SIGMETRICS Performance Evaluation Review},
  volume={41},
  number={1},
  pages={387--388},
  year={2013},
  organization={ACM}
}


@article{mullahy1986specification,
  title={Specification and testing of some modified count data models},
  author={Mullahy, John},
  journal={Journal of econometrics},
  volume={33},
  number={3},
  pages={341--365},
  year={1986},
  publisher={Elsevier}
}

@article{rosenblatt1956remarks,
  title={Remarks on some nonparametric estimates of a density function},
  author={Rosenblatt, Murray and others},
  journal={The Annals of Mathematical Statistics},
  volume={27},
  number={3},
  pages={832--837},
  year={1956},
  publisher={Institute of Mathematical Statistics}
}


@article{parzen1962estimation,
  title={On estimation of a probability density function and mode},
  author={Parzen, Emanuel},
  journal={The annals of mathematical statistics},
  volume={33},
  number={3},
  pages={1065--1076},
  year={1962},
  publisher={JSTOR}
}


@article{epanechnikov1969non,
  title={Non-parametric estimation of a multivariate probability density},
  author={Epanechnikov, Vassiliy A},
  journal={Theory of Probability \& Its Applications},
  volume={14},
  number={1},
  pages={153--158},
  year={1969},
  publisher={SIAM}
}

@article{sheather1991reliable,
  title={A reliable data-based bandwidth selection method for kernel density estimation},
  author={Sheather, Simon J and Jones, Michael C},
  journal={Journal of the Royal Statistical Society. Series B (Methodological)},
  pages={683--690},
  year={1991},
  publisher={JSTOR}
}

@book{silverman1986density,
  title={Density estimation for statistics and data analysis},
  author={Silverman, Bernard W},
  volume={26},
  year={1986},
  publisher={CRC press}
}

@inproceedings{dewes2003analysis,
  title={An analysis of Internet chat systems},
  author={Dewes, Christian and Wichmann, Arne and Feldmann, Anja},
  booktitle={Proceedings of the 3rd ACM SIGCOMM conference on Internet measurement},
  pages={51--64},
  year={2003},
  organization={ACM}
}

@inproceedings{lukasik2015modeling,
  title={Modeling Tweet Arrival Times using Log-Gaussian Cox Processes.},
  author={Lukasik, Michal and Srijith, PK and Cohn, Trevor and Bontcheva, Kalina},
  booktitle={EMNLP},
  pages={250--255},
  year={2015}
}

@article{vande2015markov,
  title={Markov modeling of online inter-arrival times},
  author={Vande Kerckhove, Corentin and Gerencs{\'e}r, Bal{\'a}zs and Hendrickx, Julien M and Blondel, Vincent D},
  journal={arXiv preprint arXiv:1509.04857},
  year={2015}
}

@article{markovitch2000nonparametric,
  title={Nonparametric estimation of long-tailed density functions and its application to the analysis of World Wide Web traffic},
  author={Markovitch, Natalia M and Krieger, Udo R},
  journal={Performance Evaluation},
  volume={42},
  number={2},
  pages={205--222},
  year={2000},
  publisher={Elsevier}
}

@article{maiboroda2004estimation,
  title={Estimation of heavy-tailed probability density function with application to Web data},
  author={Maiboroda, Rostislav E and Markovich, Natalia M},
  journal={Computational Statistics},
  volume={19},
  number={4},
  pages={569},
  year={2004},
  publisher={Springer}
}


@www{viztweettimes,
 title= {Visualizing Inter-Arrival Times of Tweets},
  url= {http://bit.ly/2tm8AMeHP},
  year={2017}
}



@www{irclogs,
 title= {Ubuntu IRC Logs},
  url= {https://irclogs.ubuntu.com/},
  year={2017}
}

@article{elsner2010disentangling,
  title={Disentangling chat},
  author={Elsner, Micha and Charniak, Eugene},
  journal={Computational Linguistics},
  volume={36},
  number={3},
  pages={389--409},
  year={2010},
  publisher={MIT Press}
}

@article{fitdistrplus,
    title = {{fitdistrplus}: An {R} Package for Fitting Distributions},
    author = {Marie Laure Delignette-Muller and Christophe Dutang},
    journal = {Journal of Statistical Software},
    year = {2015},
    volume = {64},
    number = {4},
    pages = {1--34},
    url = {http://www.jstatsoft.org/v64/i04/},
  }

@www{ADGoF,
 title= {R Package ADGofTest},
 author={Carlos J. Gil Bellosta},
  url= {http://bit.ly/1NU3c5y},
}

@www{Rdensity,
 title= {R Package Density},
 author={},
  url= {http://bit.ly/2tm8AMe},
}
@www{Rvcd,
 title= {R Package vcd},
 author={Meyer et al},
  url= {http://bit.ly/2vyTULd},
}

@www{RAER,
 title= {R Package AER},
 author={Christian Kleiber, Achim Zeileis},
  url= {http://bit.ly/1LzY9pI},
}

@www{poissoncount,
 title= {What to do when count data does not fit a Poisson distribution},
 author={William A. Huber},
  url= {http://bit.ly/2uHCkIx},
}

