@inproceedings{ahmed2013hierarchical,
  title={Hierarchical geographical modeling of user locations from social media posts},
  author={Ahmed, Amr and Hong, Liangjie and Smola, Alexander J},
  booktitle={Proceedings of the 22nd international conference on World Wide Web},
  pages={25--36},
  year={2013},
  organization={ACM}
}

@inproceedings{priedhorsky2014inferring,
  title={Inferring the origin locations of tweets with quantitative confidence},
  author={Priedhorsky, Reid and Culotta, Aron and Del Valle, Sara Y},
  booktitle={Proceedings of the 17th ACM conference on Computer supported cooperative work \& social computing},
  pages={1523--1536},
  year={2014},
  organization={ACM}
}
