@article{benington1983production,
  title={Production of large computer programs},
  author={Benington, Herbert D},
  journal={Annals of the History of Computing},
  volume={5},
  number={4},
  pages={350--361},
  year={1983},
  publisher={IEEE}
}

@book{martin1991rapid,
  title={Rapid application development},
  author={Martin, James},
  year={1991},
  publisher={Macmillan Publishing Co., Inc.}
}

@book{humble2010continuous,
  title={Continuous delivery: reliable software releases through build, test, and deployment automation},
  author={Humble, Jez and Farley, David},
  year={2010},
  publisher={Pearson}
}

@article{simon2009empirically,
  title={An empirically-based microeconomics},
  author={Simon, Herbert A and others},
  journal={Cambridge Books},
  year={2009},
  publisher={Cambridge university press}
}

@www{SMEdefine,
 title= {SME Definition},
  url= {http://bit.ly/2ufn3is},
  year={2017}
}

@phdthesis{deshpande2011study,
  title={A Study Of Software Engineering Practices for Micro Teams},
  author={Deshpande, Shweta},
  year={2011},
  school={The Ohio State University}
}

@book{croll2013lean,
  title={Lean analytics: Use data to build a better startup faster},
  author={Croll, Alistair and Yoskovitz, Benjamin},
  year={2013},
  publisher={"O'Reilly Media, Inc."}
}

@inproceedings{ieee1998ieee,
  title={{IEEE} Recommended Practice for Software Requirements Specifications},
  author={IEEE Computer Society. Software Engineering Standards Committee and IEEE-SA        Standards Board},
  year={1998},
  organization={Institute of Electrical and Electronics Engineers}
}

@www{Outdefine,
 title= {Outage and Maintenance definition},
  url= {http://bit.ly/2xloCfL},
  year={2017}
}

@book{elliott2004global,
  title={Global business information technology: an integrated systems approach},
  author={Elliott, Geoffrey},
  year={2004},
  publisher={Pearson Education}
}

@inproceedings{royce1987managing,
  title={Managing the development of large software systems: concepts and techniques},
  author={Royce, Winston W},
  booktitle={Proceedings of the 9th international conference on Software Engineering},
  pages={328--338},
  year={1987},
  organization={IEEE Computer Society Press}
}

@article{parnas1986rational,
  title={A rational design process: How and why to fake it},
  author={Parnas, David Lorge and Clements, Paul C},
  journal={IEEE transactions on software engineering},
  number={2},
  pages={251--257},
  year={1986},
  publisher={IEEE}
}

@book{mcconnell2004code,
  title={Code complete},
  author={McConnell, Steve},
  year={2004},
  publisher={Pearson Education}
}

@article{beck2001manifesto,
  title={Manifesto for agile software development},
  author={Beck, Kent and Beedle, Mike and Van Bennekum, Arie and Cockburn, Alistair and Cunningham, Ward and Fowler, Martin and Grenning, James and Highsmith, Jim and Hunt, Andrew and Jeffries, Ron and others},
  year={2001}
}

@book{schwaber2002agile,
  title={Agile software development with Scrum},
  author={Schwaber, Ken and Beedle, Mike},
  volume={1},
  year={2002},
  publisher={Prentice Hall Upper Saddle River}
}

@article{sugimori1977toyota,
  title={Toyota production system and kanban system materialization of just-in-time and respect-for-human system},
  author={Sugimori, Y and Kusunoki, K and Cho, F and Uchikawa, S},
  journal={The International Journal of Production Research},
  volume={15},
  number={6},
  pages={553--564},
  year={1977},
  publisher={Taylor \& Francis}
}

@article{kniberg2009kanban,
  title={Kanban vs Scrum},
  author={Kniberg, Henrik},
  journal={Crisp AB. Viitattu},
  volume={1},
  pages={1--41},
  year={2009}
}

@incollection{lindberg2011design,
  title={Design thinking: A fruitful concept for it development?},
  author={Lindberg, Tilmann and Meinel, Christoph and Wagner, Ralf},
  booktitle={Design thinking},
  pages={3--18},
  year={2011},
  publisher={Springer}
}


@techreport{dempsey1964program,
  title={Program management in design and development},
  author={Dempsey, JR and Davis, Maj Gen WA and Crossfield, AS and Williams, Walter C},
  year={1964},
  institution={SAE Technical Paper}
}

@www{quora2014,
 title= {Best examples of companies using continuous deployment},
  url= {http://bit.ly/1OZQ5SP},
  year={2014}
}

@www{wiki2015bugbounty,
 title= {Bug bounty program},
  url= {https://en.wikipedia.org/wiki/Bug_bounty_program},
  year={2015}
}

@www{bugcrowd2015,
 title= {The Bug Bounty List},
  url= {https://bugcrowd.com/list-of-bug-bounty-programs},
  year={2015}
}

@www{Knuth2015,
 author= {Donald E. Knuth},
 title={Homepage},
  url= {http://www-cs-faculty.stanford.edu/~uno/},
  year={2015}
}

@www{Bernstein2015,
  author= {D. J. Bernstein},
  title={homepage},
  url= {http://cr.yp.to/djb.html},
  year={2015}
}

@inproceedings{brooks2009initial,
  title={An initial characterization of industrial graphical user interface systems},
  author={Brooks, Penelope and Robinson, Brian and Memon, Atif M},
  booktitle={Software Testing Verification and Validation, 2009. ICST'09. International Conference on},
  pages={11--20},
  year={2009},
  organization={IEEE}
}

@inproceedings{moritz2009case,
  title={Case study: how analysis of customer found defects can be used by system test to improve quality},
  author={Moritz, Evelyn},
  booktitle={Software Engineering-Companion Volume, 2009. ICSE-Companion 2009. 31st International Conference on},
  pages={123--129},
  year={2009},
  organization={IEEE}
}

@inproceedings{gittens2002empirical,
  title={An empirical evaluation of system and regression testing},
  author={Gittens, Mechelle and Lutfiyya, Hanan and Bauer, Michael and Godwin, David and Kim, Yong Woo and Gupta, Pramod},
  booktitle={Proceedings of the 2002 conference of the Centre for Advanced Studies on Collaborative research},
  pages={3},
  year={2002},
  organization={IBM Press}
}

@article{musa1996software,
  title={Software reliability-engineered testing},
  author={Musa, John D},
  journal={Computer},
  volume={29},
  number={11},
  pages={61--68},
  year={1996},
  publisher={IEEE}
}

@inproceedings{sullivan1992comparison,
  title={A comparison of software defects in database management systems and operating systems},
  author={Sullivan, Mark and Chillarege, Ram},
  booktitle={Fault-Tolerant Computing, 1992. FTCS-22. Digest of Papers., Twenty-Second International Symposium on},
  pages={475--484},
  year={1992},
  organization={IEEE}
}

@article{adams1984optimizing,
  title={Optimizing preventive service of software products},
  author={Adams, Edward N},
  journal={IBM Journal of Research and Development},
  volume={28},
  number={1},
  pages={2--14},
  year={1984},
  publisher={IBM}
}

@www{eurocom2014sme,
 title= {Annual Report on {E}uropean {SME}'s},
  url= {http://bit.ly/1PoGGVz},
  year={2014}
}


@inproceedings{olsson2012climbing,
  title={Climbing the `Stairway to Heaven'--A Mulitiple-Case Study Exploring Barriers in the Transition from Agile Development towards Continuous Deployment of Software},
  author={Olsson, Helena Holmstr{\"o}m and Alahyari, Hiva and Bosch, Jan},
  booktitle={Software Engineering and Advanced Applications (SEAA), 2012 38th EUROMICRO Conference on},
  pages={392--399},
  year={2012},
  organization={IEEE}
}

@www{europa2016sme,
 title= {Annual report on {E}uropean {SMEs} 2015/2016},
 author={Muller, Patrice and Devnani, Shaan  and Julius, Jenna and Gagliardi, Dimitri and Marzocchi, Chiara and Ramlogan, Ronald and Cox, Deborah},
  url= {http://bit.ly/2kBHgGF},
  year={2016}
}

@article{pusatli2011discussion,
  title={A discussion on assuring software quality in small and medium software enterprises: An empirical investigation},
  author={Pusatli, O Tolga and Misra, Sanjay},
  journal={Tehni{\v{c}}ki vjesnik},
  volume={18},
  number={3},
  pages={447--452},
  year={2011},
  publisher={Strojarski fakultet u Slavonskom Brodu, Elektrotehni{\v{c}}ki fakultet u Osijeku, Gra{\dj}evinski fakultet u Osijeku}
}

@www{wikidogfood,
 title= {Eating your own dog food},
  url= {http://bit.ly/2kHVTHP},
  year={2016}
}


@www{forbesdogfood,
 title= {Not Eating Your Own Dog Food? {You} Probably Should Be},
  url= {http://bit.ly/2k64eWH},
  year={2014}
}

@www{forbesyahoodogfood,
 title= {Clinging to Outlook},
  url= {http://bit.ly/19dZ40P},
  year={2013}
}


@article{harrison2006eating,
  title={{Eating} your own dog food},
  author={Harrison, Warren},
  journal={IEEE Software},
  volume={23},
  number={3},
  pages={5--7},
  year={2006},
  publisher={IEEE}
}


@article{moskowitz2003eat,
  title={Eat your own dog food},
  author={Moskowitz, Adam},
  journal={; login:: the magazine of USENIX \& SAGE},
  volume={28},
  number={5},
  pages={18--19},
  year={2003},
  publisher={USENIX Association}
}

@www{schmidt2005google,
  title={Google: ten golden rules},
  author={Schmidt, Eric and Varian, Hal},
  url={http://bit.ly/2uoHSUl},
  year={2005}
}

@article{prlic2012ten,
  title={Ten simple rules for the open development of scientific software},
  author={Prli{\'c}, Andreas and Procter, James B},
  journal={PLoS Comput Biol},
  volume={8},
  number={12},
  pages={e1002802},
  year={2012},
  publisher={Public Library of Science}
}

@article{jackson2012eating,
  title={Eating your own dog food},
  author={Jackson, Nick and Winn, Joss and others},
  year={2012}
}

@www{wikiCI,
 title= {Continuous Integration},
  url= {http://bit.ly/1Ty3ZfV},
  year={2017}
}

@www{crowdsourcedef,
 title= {Crowdsourcing: A Defintion},
  url= {http://bit.ly/QwOkEh},
  year={2017}
}


@inproceedings{nebeling2012crowdsourced,
  title={Crowdsourced web site evaluation with crowdstudy},
  author={Nebeling, Michael and Speicher, Maximilian and Grossniklaus, Michael and Norrie, Moira C},
  booktitle={International Conference on Web Engineering},
  pages={494--497},
  year={2012},
  organization={Springer}
}


@inproceedings{vukovic2009crowdsourcing,
  title={Crowdsourcing for enterprises},
  author={Vukovic, Maja},
  booktitle={Services-I, 2009 World Conference on},
  pages={686--692},
  year={2009},
  organization={IEEE}
}

@article{zogaj2014managing,
  title={Managing crowdsourced software testing: a case study based insight on the challenges of a crowdsourcing intermediary},
  author={Zogaj, Shkodran and Bretschneider, Ulrich and Leimeister, Jan Marco},
  journal={Journal of Business Economics},
  volume={84},
  number={3},
  pages={375--405},
  year={2014},
  publisher={Springer}
}


@article{liu2012crowdsourcing,
  title={Crowdsourcing for usability testing},
  author={Liu, Di and Bias, Randolph G and Lease, Matthew and Kuipers, Rebecca},
  journal={Proceedings of the American Society for Information Science and Technology},
  volume={49},
  number={1},
  pages={1--10},
  year={2012},
  publisher={Wiley Online Library}
}



@inproceedings{riungu2010research,
  title={Research issues for software testing in the cloud},
  author={Riungu, Leah Muthoni and Taipale, Ossi and Smolander, Kari},
  booktitle={Cloud Computing Technology and Science (CloudCom), 2010 IEEE Second International Conference on},
  pages={557--564},
  year={2010},
  organization={IEEE}
}


@www{bugcrowd2017,
 title= {The Bug Bounty List},
  url= {http://bit.ly/1orp03T},
 year={2017}
}

@inproceedings{sullivan1991software,
  title={Software defects and their impact on system availability: A study of field failures in operating systems},
  author={Sullivan, Mark and Chillarege, Ram},
  booktitle={FTCS},
  volume={21},
  pages={2--9},
  year={1991}
}

@article{boehm2005software,
  title={Software defect reduction top 10 list},
  author={Boehm, Barry and Basili, Victor R},
  journal={Foundations of empirical software engineering: the legacy of Victor R. Basili},
  volume={426},
  pages={37},
  year={2005}
}

@article{klutke2003critical,
  title={A critical look at the bathtub curve},
  author={Klutke, Georgia-Ann and Kiessler, Peter C and Wortman, Martin A},
  journal={IEEE Transactions on Reliability},
  volume={52},
  number={1},
  pages={125--129},
  year={2003},
  publisher={IEEE}
}

@www{wikipediabathtub,
 title= {Bathtub curve},
  url= {http://bit.ly/2kGzD50},
  year={2016}
}

@www{wikiconditionprob,
 title= {Conditional Probability},
  url= {http://bit.ly/2jED9Ly},
  year={2016}
}

@www{wikimulticomp,
  title= {Multiple comparisons problem},
  url= {http://bit.ly/1KcBrIB},
  year={2016}
}

@inproceedings{7331827,
	author={J. Dunne and D. Malone and J. Flood},
	booktitle={2015 Second International Conference on Computer Science, Computer 		Engineering, and Social Media (CSCESM)},
	title={Social testing: A framework to support adoption of continuous delivery by small 			medium enterprises},
	year={2015},
	pages={49-54},
	keywords={DP industry;program testing;small-to-medium enterprises;enterprise 	dataset;incentive schemes;small medium enterprises;small to medium software businesses;social testing;software test teams;Context modeling;Electronic mail},
doi={10.1109/CSCESM.2015.7331827},
	month={Sept}
}

@www{europa2015sme,
 title= {{SME} Performance Review {E}uropean {SME}'s},
 author={Muller, Patrice and Caliandro, Cecilia and Peycheva, Viktoriya and Gagliardi, Dimitri and Marzocchi, Chiara and Ramlogan, Ronald and Cox, Deborah},
  url= {http://bit.ly/23NnKIx},
  year={2015}
}

@www{cloudbook2015,
 title= {Why Multi-Tenancy is Key to Successful and Sustainable Software-as-a-Service {(SaaS)}},
  url= {http://bit.ly/1vyAKDb},
  year={2015}
}

@www{datacentre2015,
 title= {From {G}oogle to {A}mazon - the rise of the cloud catalog},
  url= {http://bit.ly/1S5elbl},
  year={2015}
}


@www{CRN2015providers,
 title= {Pole Position: Ranking The Top 5 {IaaS}, {PaaS} And Private Cloud Providers},
  url= {http://bit.ly/1UQCaSf},
  year={2015}
}


@www{InfoWorld2015outage,
 title= {The 10 worst cloud outages},
  url= {http://bit.ly/1ISiawO},
  year={2015}
}

@www{CRN2015outage,
 title= {The 10 Biggest Cloud Outages Of 2015},
  url= {http://bit.ly/1QhMiiR},
  year={2015}
}

@inproceedings{yuan2014simple,
  title={Simple testing can prevent most critical failures: An analysis of production failures in distributed data-intensive systems},
  author={Yuan, Ding and Luo, Yu and Zhuang, Xin and Rodrigues, Guilherme Renna and Zhao, Xu and Zhang, Yongle and Jain, Pranay U and Stumm, Michael},
  booktitle={11th USENIX Symposium on Operating Systems Design and Implementation (OSDI 14)},
  pages={249--265},
  year={2014}
}

@inproceedings{hagen2012efficient,
  title={Efficient verification of IT change operations or: How we could have prevented Amazon's cloud outage},
  author={Hagen, Sebastian and Seibold, Michael and Kemper, Alfons},
  booktitle={Network Operations and Management Symposium (NOMS), 2012 IEEE},
  pages={368--376},
  year={2012},
  organization={IEEE}
}

@article{li2013cloud,
  title={The Cloud's Cloudy Moment: A Systematic Survey of Public Cloud Service Outage},
  author={Li, Zheng and Liang, Mingfei and {O}'{B}rien, Liam and Zhang, He},
  journal={arXiv preprint arXiv:1312.6485},
  year={2013}
}

@book{o2011practical,
  title={Practical reliability engineering},
  author={O'Connor, Patrick and Kleyner, Andre},
  year={2011},
  publisher={John Wiley \& Sons}
}

@phdthesis{almog1979study,
  title={A study of the application of the lognormal distribution to corrective maintenance repair time},
  author={Almog, Ronny},
  year={1979},
  school={Monterey, California. Naval Postgraduate School}
}

@article{carcary2014adoption,
  title={The adoption of cloud computing by {I}rish {SMEs}--an exploratory study},
  author={Carcary, Marian and Doherty, Eileen and Conway, Gerard},
  journal={Electronic Journal Information Systems Evaluation Volume},
  volume={17},
  number={1},
  year={2014}
}

@www{wikidef,
 title= {Wikipedia - The Free Encyclopedia},
  url= {https://en.wikipedia.org/wiki},
  year={2015}
}

@www{ADGoF,
 title= {Package ADGofTest},
 author={Carlos J. Gil Bellosta},
  url= {http://bit.ly/1NU3c5y},
}

@www{CRN2016outage,
 title= {The 10 Biggest Cloud Outages Of 2016},
  url= {http://bit.ly/2bjsPGL},
  year={2016}
}

@www{newrelic,
 title= {New Relic - Application and Performance Monitoring},
  url= {http://bit.ly/2gpkvYm},
  year={2017}
}

@www{predinsight,
 title= {{IBM} Operations Analytics - Predictive Insights},
  url= {http://ibm.co/29kqBWf},
  year={2017}
}


@www{ruxit,
 title= {Ruxit - Cloud native monitoring},
  url= {http://bit.ly/2mKwAFJ},
  year={2017}
}


@www{DCcost,
 title= {Calculating the Cost of Data Center Outages},
  url= {http://bit.ly/2bInDgh},
  year={2011}
}

@www{MM1,
 title= {M/{M}/1 {Q}ueue},
  url= {https://en.wikipedia.org/wiki/M/M/1_queue},
  year={2015}
}


@www{PaaS2016,
 title= {Best Platform as a Service ({P}aa{S})},
  url= {http://bit.ly/2bavsb5},
  year={2016}
}


@www{Talbot013DBoutage,
 title= {Dropbox Outage Represents First Major Cloud Outage of 2013},
  url= {http://bit.ly/2bjFdla},
  year={2013}
}

@www{Etherington2013DBoutage,
 title= {Dropbox Currently Experiencing Widespread Service Outage},
  url= {http://tcrn.ch/2bDEyM5},
  year={2013}
}

@article{sedaghat2015hard,
  title={Die-Hard: Reliable Scheduling to Survive Correlated Failures in Cloud Data Centers},
  author={Sedaghat, Mina and Wadbro, Eddie and Wilkes, John and De Luna, Sara and Seleznjev, Oleg and Elmroth, Erik},
  year={2015},
  publisher={Citeseer}
}

@inproceedings{potharaju2013network,
  title={When the network crumbles: An empirical study of cloud network failures and their impact on services},
  author={Potharaju, Rahul and Jain, Navendu},
  booktitle={Proceedings of the 4th annual Symposium on Cloud Computing},
  pages={15},
  year={2013},
  organization={ACM}
}

@inproceedings{bodik2012surviving,
  title={Surviving failures in bandwidth-constrained datacenters},
  author={Bod{\'\i}k, Peter and Menache, Ishai and Chowdhury, Mosharaf and Mani, Pradeepkumar and Maltz, David A and Stoica, Ion},
  booktitle={Proceedings of the ACM SIGCOMM 2012 conference on Applications, technologies, architectures, and protocols for computer communication},
  pages={431--442},
  year={2012},
  organization={ACM}
}

@article{snyder2015evaluation,
  title={Evaluation and design of highly reliable and highly utilized cloud computing systems},
  author={Snyder, Brett and Ringenberg, Jordan and Green, Robert and Devabhaktuni, Vijay and Alam, Mansoor},
  journal={Journal of Cloud Computing},
  volume={4},
  number={1},
  pages={1},
  year={2015},
  publisher={Springer Berlin Heidelberg}
}


@article{kenny1993estimating,
  title={Estimating defects in commercial software during operational use},
  author={Kenny, Garrison Q},
  journal={IEEE Transactions on Reliability},
  volume={42},
  number={1},
  pages={107--115},
  year={1993},
  publisher={IEEE}
}

@phdthesis{adedigba2005statistical,
  title={Statistical distributions for service times},
  author={Adedigba, Adebolanle},
  year={2005},
  school={Citeseer}
}

@article{alsoghayer2014resource,
  title={Resource failures risk assessment modelling in distributed environments},
  author={Alsoghayer, Raid and Djemame, Karim},
  journal={Journal of Systems and Software},
  volume={88},
  pages={42--53},
  year={2014},
  publisher={Elsevier}
}


@article{john1963single,
  title={Single Server Queues with Dependent Service and Inter-Arrival Times},
  author={John, Floyd I},
  journal={Journal of the Society for Industrial and Applied Mathematics},
  volume={11},
  number={3},
  pages={526--534},
  year={1963},
  publisher={SIAM}
}

@article{alshamaila2013cloud,
  title={Cloud computing adoption by SMEs in the north east of England: A multi-perspective framework},
  author={Alshamaila, Yazn and Papagiannidis, Savvas and Li, Feng},
  journal={Journal of Enterprise Information Management},
  volume={26},
  number={3},
  pages={250--275},
  year={2013},
  publisher={Emerald Group Publishing Limited}
}

@article{oliveira2014assessing,
  title={Assessing the determinants of cloud computing adoption: An analysis of the manufacturing and services sectors},
  author={Oliveira, Tiago and Thomas, Manoj and Espadanal, Mariana},
  journal={Information \& Management},
  volume={51},
  number={5},
  pages={497--510},
  year={2014},
  publisher={Elsevier}
}


@article{gholami2016cloud,
  title={Cloud migration process—A survey, evaluation framework, and open challenges},
  author={Gholami, Mahdi Fahmideh and Daneshgar, Farhad and Low, Graham and Beydoun, Ghassan},
  journal={Journal of Systems and Software},
  volume={120},
  pages={31--69},
  year={2016},
  publisher={Elsevier}
}

@book{loukides2012devops,
  title={What is DevOps?},
  author={Loukides, Mike},
  year={2012},
  publisher={" O'Reilly Media, Inc."}
}

@article{kim2014phoenix,
  title={The Phoenix Project: A Novel About IT},
  author={Kim, Gene and Behr, Kevin and Spafford, G},
  journal={DevOps, and Helping Your Business Win},
  year={2014}
}

@www{wikidef,
 title= {Wikipedia - The Free Encyclopedia},
  url= {http://en.wikipedia.org/wiki},
  
}

@book{kleinrock1975queuing,
  title={Queuing systems},
  author={Kleinrock, Leonard},
  year={1975},
  publisher={{W}iley}
}

@book{gross2008fundamentals,
  title={Fundamentals of queueing theory},
  author={Gross, Donald},
  year={2008},
  publisher={John Wiley \& Sons}
}

@book{sundarapandian2009probability,
  title={Probability, statistics and queuing theory},
  author={Sundarapandian, Vaidyanathan},
  year={2009},
  publisher={Phi Learning}
}

@www{eusmereport2015,
 title= {Executive summary - Final report - Annual Report on European SMEs - 2014 / 2015 - SMEs start hiring again},
  url= {http://ec.europa.eu/DocsRoom/documents/16341/attachments/3/translations/en/renditions/pdf},
year={2015},
}

@article{fitdistrplus,
    title = {{fitdistrplus}: An {R} Package for Fitting Distributions},
    author = {Marie Laure Delignette-Muller and Christophe Dutang},
    journal = {Journal of Statistical Software},
    year = {2015},
    volume = {64},
    number = {4},
    pages = {1--34},
    url = {http://www.jstatsoft.org/v64/i04/},
  }

@article{anderson1952asymptotic,
  title={Asymptotic theory of certain" goodness of fit" criteria based on stochastic processes},
  author={Anderson, Theodore W and Darling, Donald A},
  journal={The annals of mathematical statistics},
  pages={193--212},
  year={1952},
  publisher={JSTOR}
}

@article{fisher1922interpretation,
  title={On the interpretation of $\chi$ 2 from contingency tables, and the calculation of P},
  author={Fisher, Ronald A},
  journal={Journal of the Royal Statistical Society},
  volume={85},
  number={1},
  pages={87--94},
  year={1922},
  publisher={JSTOR}
}

@book{fisher1925statistical,
  title={Statistical methods for research workers},
  author={Fisher, Ronald Aylmer},
  year={1925},
  publisher={Genesis Publishing Pvt Ltd}
}

@www{FisherExact,
 title= {R Package fisher.test},
 author={},
  url= {http://bit.ly/1NU3c5y},
}


@book{gibbons2011nonparametric,
  title={Nonparametric statistical inference},
  author={Gibbons, Jean Dickinson and Chakraborti, Subhabrata},
  year={2011},
  publisher={Springer}
}

@article{wilk1968probability,
  title={Probability plotting methods for the analysis for the analysis of data},
  author={Wilk, Martin B and Gnanadesikan, Ram},
  journal={Biometrika},
  volume={55},
  number={1},
  pages={1--17},
  year={1968},
  publisher={Biometrika Trust}
}

@book{arnold2015pareto,
  title={Pareto distribution},
  author={Arnold, Barry C},
  year={2015},
  publisher={Wiley Online Library}
}

@article{chen1993theoretical,
  title={Theoretical foundation of the 80/20 rule},
  author={Chen, Ye-Sho and Pete Chong, P and Tong, Yueguo},
  journal={Scientometrics},
  volume={28},
  number={2},
  pages={183--204},
  year={1993},
  publisher={Akad{\'e}miai Kiad{\'o}, co-published with Springer Science+ Business Media BV, Formerly Kluwer Academic Publishers BV}
}

@book{apostolakis1980synthesis,
  title={Synthesis and analysis methods for safety and reliability studies},
  author={Apostolakis, George and Garribba, Sergio and Volta, G},
  volume={106},
  year={1980},
  publisher={Springer}
}

@article{ananda2003confidence,
  title={Confidence intervals for steady state availability of a system with exponential operating time and lognormal repair time},
  author={Ananda, Malwane MA},
  journal={Applied Mathematics and Computation},
  volume={137},
  number={2},
  pages={499--509},
  year={2003},
  publisher={Elsevier}
}

@article{ananda2004steady,
  title={On steady state availability of a system with lognormal repair time},
  author={Ananda, Malwane MA and Gamage, Jinadasa},
  journal={Applied mathematics and computation},
  volume={150},
  number={2},
  pages={409--416},
  year={2004},
  publisher={Elsevier}
}

@article{fisher1915frequency,
  title={Frequency distribution of the values of the correlation coefficient in samples from an indefinitely large population},
  author={Fisher, Ronald A},
  journal={Biometrika},
  volume={10},
  number={4},
  pages={507--521},
  year={1915},
  publisher={JSTOR}
}

@article{spearman1904proof,
  title={The proof and measurement of association between two things},
  author={Spearman, Charles},
  journal={The American journal of psychology},
  volume={15},
  number={1},
  pages={72--101},
  year={1904},
  publisher={JSTOR}
}

@article{galton1890kinship,
  title={Kinship and correlation},
  author={Galton, Francis},
  journal={The North American Review},
  volume={150},
  number={401},
  pages={419--431},
  year={1890},
  publisher={JSTOR}
}

@article{box1970distribution,
  title={Distribution of residual autocorrelations in autoregressive-integrated moving average time series models},
  author={Box, George EP and Pierce, David A},
  journal={Journal of the American statistical Association},
  volume={65},
  number={332},
  pages={1509--1526},
  year={1970},
  publisher={Taylor \& Francis Group}
}

@www{PearSpearR,
 title= {Test for Association/Correlation Between Paired Samples},
 url= {http://bit.ly/2djPSA7},
}

@www{lmR,
 title= {Fitting Linear Models},
 url= {http://bit.ly/2dvqYet},
}

@www{acfR,
 title= {Auto and Cross-Covariance and Correlation Function Estimation},
 url= {http://bit.ly/2dKfLZl},
}

@article{blackwell1948renewal,
  title={A renewal theorem},
  author={Blackwell, David and others},
  journal={Duke math. J},
  volume={15},
  pages={145--150},
  year={1948}
}

@article{jewell1967simple,
  title={A simple proof of: L= $\lambda$ W},
  author={Jewell, William S},
  journal={Operations Research},
  volume={15},
  number={6},
  pages={1109--1116},
  year={1967},
  publisher={INFORMS}
}

@www{SmartCollab,
 title= {3 ways collaborative software can solve enterprise challenges},
 url= {http://bit.ly/2uzU480},
 author={Mark Pendolino},
 year={2017}
}

@www{eightbiz,
 title= {8 Business Problems the Best Collaboration Software Can Solve},
 url= {http://bit.ly/2vfreHX},
 author={Kim Wolf},
 year={2017}
}

@www{slackSME,
 title= {Setting up {S}lack for small teams},
 url= {http://bit.ly/2vzw81Q},
 author={Matt Haughey},
 year={2017}
}

@wwww{WatWork,
 title= {Watson Workspace},
 url= {https://ibm.co/2uG4ZgW},
 author={},
 year={2017}
 }
 
 @wwww{Slack,
 title= {Slack},
 url= {http://bit.ly/1uEVWVc},
 author={},
 year={2017}
 }
 
 @wwww{MSTeams,
 title= {Microsoft Teams},
 url= {http://bit.ly/2tngfPb},
 author={},
 year={2017}
}

@wwww{Azendo,
 title= {Azendoo},
 url= {http://bit.ly/1lnHcX5},
 author={},
 year={2017}
}

@wwww{emailclutter,
 title= {Sick of Email? {S}lack Wants to Kill Your Inbox Clutter},
 url= {http://nbcnews.to/2uyzLYR},
 author={Chiara A Sottile},
 year={2017}
}

@wwww{emailparal,
 title= {How To Avoid Email Paralysis},
 url= {http://bit.ly/2vhWlT1},
 author={Carol Fowler},
 year={2017}
}

@wwww{devslack,
 title= {How the engineering team at {IBM} uses Slack throughout the development lifecycle},
 url= {http://bit.ly/2qcd07G},
 author={},
 year={2017}
}

@wwww{devopsslack,
 title= {How DevOps, agile spurred {S}lack enterprise adoption},
 url= {http://bit.ly/2kTMHB8},
 author={Clint Boulton},
 year={2017}
}

@article{pearson1894contributions,
  title={Contributions to the mathematical theory of evolution},
  author={Pearson, Karl},
  journal={Philosophical Transactions of the Royal Society of London. A},
  volume={185},
  pages={71--110},
  year={1894},
  publisher={JSTOR}
}

@inproceedings{fisher1925theory,
  title={Theory of statistical estimation},
  author={Fisher, Ronald Aylmer},
  booktitle={Mathematical Proceedings of the Cambridge Philosophical Society},
  volume={22},
  number={5},
  pages={700--725},
  year={1925},
  organization={Cambridge University Press}
}

@article{wilks1938large,
  title={The large-sample distribution of the likelihood ratio for testing composite hypotheses},
  author={Wilks, Samuel S},
  journal={The Annals of Mathematical Statistics},
  volume={9},
  number={1},
  pages={60--62},
  year={1938},
  publisher={JSTOR}
}

@book{cramer1928composition,
  title={On the composition of elementary errors},
  author={Cram{\'e}r, Harald},
  year={1928},
  publisher={Almqvist \& Wiksells}
}

@article{von1928statistik,
  title={Statistik und Wahrheit},
  author={Von Mises, Richard},
  journal={Julius Springer},
  year={1928},
  publisher={Springer}
}

@article{smirnov1948table,
  title={Table for estimating the goodness of fit of empirical distributions},
  author={Smirnov, Nickolay},
  journal={The annals of mathematical statistics},
  volume={19},
  number={2},
  pages={279--281},
  year={1948},
  publisher={JSTOR}
}

@article{anderson1954test,
  title={A test of goodness of fit},
  author={Anderson, Theodore W and Darling, Donald A},
  journal={Journal of the American statistical association},
  volume={49},
  number={268},
  pages={765--769},
  year={1954},
  publisher={Taylor \& Francis}
}


@article{hill1975simple,
  title={A simple general approach to inference about the tail of a distribution},
  author={Hill, Bruce M and others},
  journal={The annals of statistics},
  volume={3},
  number={5},
  pages={1163--1174},
  year={1975},
  publisher={Institute of Mathematical Statistics}
}

@article{pickands1975statistical,
  title={Statistical inference using extreme order statistics},
  author={Pickands III, James},
  journal={The Annals of Statistics},
  pages={119--131},
  year={1975},
  publisher={JSTOR}
}

@inproceedings{nair2013fundamentals,
  title={The fundamentals of heavy-tails: properties, emergence, and identification},
  author={Nair, Jayakrishnan and Wierman, Adam and Zwart, Bert},
  booktitle={ACM SIGMETRICS Performance Evaluation Review},
  volume={41},
  number={1},
  pages={387--388},
  year={2013},
  organization={ACM}
}


@article{mullahy1986specification,
  title={Specification and testing of some modified count data models},
  author={Mullahy, John},
  journal={Journal of econometrics},
  volume={33},
  number={3},
  pages={341--365},
  year={1986},
  publisher={Elsevier}
}

@article{rosenblatt1956remarks,
  title={Remarks on some nonparametric estimates of a density function},
  author={Rosenblatt, Murray and others},
  journal={The Annals of Mathematical Statistics},
  volume={27},
  number={3},
  pages={832--837},
  year={1956},
  publisher={Institute of Mathematical Statistics}
}


@article{parzen1962estimation,
  title={On estimation of a probability density function and mode},
  author={Parzen, Emanuel},
  journal={The annals of mathematical statistics},
  volume={33},
  number={3},
  pages={1065--1076},
  year={1962},
  publisher={JSTOR}
}


@article{epanechnikov1969non,
  title={Non-parametric estimation of a multivariate probability density},
  author={Epanechnikov, Vassiliy A},
  journal={Theory of Probability \& Its Applications},
  volume={14},
  number={1},
  pages={153--158},
  year={1969},
  publisher={SIAM}
}

@article{sheather1991reliable,
  title={A reliable data-based bandwidth selection method for kernel density estimation},
  author={Sheather, Simon J and Jones, Michael C},
  journal={Journal of the Royal Statistical Society. Series B (Methodological)},
  pages={683--690},
  year={1991},
  publisher={JSTOR}
}

@book{silverman1986density,
  title={Density estimation for statistics and data analysis},
  author={Silverman, Bernard W},
  volume={26},
  year={1986},
  publisher={CRC press}
}

@inproceedings{dewes2003analysis,
  title={An analysis of {I}nternet chat systems},
  author={Dewes, Christian and Wichmann, Arne and Feldmann, Anja},
  booktitle={Proceedings of the 3rd ACM SIGCOMM conference on Internet measurement},
  pages={51--64},
  year={2003},
  organization={ACM}
}

@inproceedings{lukasik2015modeling,
  title={Modeling Tweet Arrival Times using Log-Gaussian {C}ox Processes.},
  author={Lukasik, Michal and Srijith, PK and Cohn, Trevor and Bontcheva, Kalina},
  booktitle={EMNLP},
  pages={250--255},
  year={2015}
}

@article{vande2015markov,
  title={Markov modeling of online inter-arrival times},
  author={Vande Kerckhove, Corentin and Gerencs{\'e}r, Bal{\'a}zs and Hendrickx, Julien M and Blondel, Vincent D},
  journal={arXiv preprint arXiv:1509.04857},
  year={2015}
}

@article{markovitch2000nonparametric,
  title={Nonparametric estimation of long-tailed density functions and its application to the analysis of World Wide Web traffic},
  author={Markovitch, Natalia M and Krieger, Udo R},
  journal={Performance Evaluation},
  volume={42},
  number={2},
  pages={205--222},
  year={2000},
  publisher={Elsevier}
}

@article{maiboroda2004estimation,
  title={Estimation of heavy-tailed probability density function with application to Web data},
  author={Maiboroda, Rostislav E and Markovich, Natalia M},
  journal={Computational Statistics},
  volume={19},
  number={4},
  pages={569},
  year={2004},
  publisher={Springer}
}


@www{viztweettimes,
 title= {Visualizing Inter-Arrival Times of Tweets},
  url= {http://bit.ly/2tm8AMeHP},
  year={2017}
}

@article{burnap2014tweeting,
  title={Tweeting the terror: modelling the social media reaction to the Woolwich terrorist attack},
  author={Burnap, Pete and Williams, Matthew L and Sloan, Luke and Rana, Omer and Housley, William and Edwards, Adam and Knight, Vincent and Procter, Rob and Voss, Alex},
  journal={Social Network Analysis and Mining},
  volume={4},
  number={1},
  pages={206},
  year={2014},
  publisher={Springer}
}

@inproceedings{ahmed2013hierarchical,
  title={Hierarchical geographical modeling of user locations from social media posts},
  author={Ahmed, Amr and Hong, Liangjie and Smola, Alexander J},
  booktitle={Proceedings of the 22nd international conference on World Wide Web},
  pages={25--36},
  year={2013},
  organization={ACM}
}

@inproceedings{priedhorsky2014inferring,
  title={Inferring the origin locations of tweets with quantitative confidence},
  author={Priedhorsky, Reid and Culotta, Aron and Del Valle, Sara Y},
  booktitle={Proceedings of the 17th ACM conference on Computer supported cooperative work \& social computing},
  pages={1523--1536},
  year={2014},
  organization={ACM}
}


@www{irclogs,
 title= {Ubuntu IRC Logs},
  url= {https://irclogs.ubuntu.com/},
  year={2017}
}

@article{elsner2010disentangling,
  title={Disentangling chat},
  author={Elsner, Micha and Charniak, Eugene},
  journal={Computational Linguistics},
  volume={36},
  number={3},
  pages={389--409},
  year={2010},
  publisher={MIT Press}
}

@www{Rdensity,
 title= {R Package Density},
 author={},
  url= {http://bit.ly/2tm8AMe},
}
@www{Rvcd,
 title= {R Package vcd},
 author={Meyer et al},
  url= {http://bit.ly/2vyTULd},
}

@www{RAER,
 title= {R Package AER},
 author={Christian Kleiber, Achim Zeileis},
  url= {http://bit.ly/1LzY9pI},
}

@www{poissoncount,
 title= {What to do when count data does not fit a {P}oisson distribution},
 author={William A. Huber},
  url= {http://bit.ly/2uHCkIx},
}

@inproceedings{huotari2012defining,
  title={Defining gamification: a service marketing perspective},
  author={Huotari, Kai and Hamari, Juho},
  booktitle={Proceeding of the 16th International Academic MindTrek Conference},
  pages={17--22},
  year={2012},
  organization={ACM}
}

@www{WTO,
 title= {World {T}rade {R}eport},
  url= {http://bit.ly/2dvgC2y},
  year={2017}
}


@www{talkmore2015,
 title= {We just don't speak anymore},
  url= {http://bit.ly/2yDXzJ6},
  year={2015}
}

@www{textstats2016,
 title= {73 {T}exting {S}tatistics},
  url= {http://bit.ly/2kjHeF8},
  year={2015}
}

@www{huffpost2016,
 title= {How to {D}eal {W}ith {S}ocial {M}edia {O}verwhelm},
  url= {http://bit.ly/2yN5e8r},
  year={2016}
}

@www{venturebeat2016,
 title= {Expect more chatbots},
  url= {http://bit.ly/2z771cJ},
  year={2016}
}

@www{tmvalue2017,
 title= {The {V}alue and {B}enefits of {T}ext {M}ining},
  url= {http://bit.ly/2zJcDcl},
  year={2017}
}

@www{socmsg2017,
 title= {Social {M}essaging: {C}atalysing {T}he {N}ext {W}ave of {D}igital {R}evolution {I}n {C}ommunication},
  url= {http://bit.ly/2FekIpz},
  year={2017}
}

@www{dti2017,
 title= {Gain business insight with {B}ig {D}ata},
  url= {http://bit.ly/2zPxmcC},
  year={2017}
}

@www{softadvice2015,
 title= {Improving the {C}onsumer {E}-commerce {E}xperience {T}hrough {T}ext {M}ining},
  url= {http://bit.ly/2z8eYyv},
  year={2015}
}

@book{jurafsky2014speech,
  title={Speech and language processing},
  author={Jurafsky, Dan and Martin, James H},
  volume={3},
  year={2014},
  publisher={Pearson London}
}

@inproceedings{webster1992tokenization,
  title={Tokenization as the initial phase in NLP},
  author={Webster, Jonathan J and Kit, Chunyu},
  booktitle={Proceedings of the 14th conference on Computational linguistics-Volume 4},
  pages={1106--1110},
  year={1992},
  organization={Association for Computational Linguistics}
}

@book{leskovec2014mining,
  title={Mining of massive datasets},
  author={Leskovec, Jure and Rajaraman, Anand and Ullman, Jeffrey David},
  year={2014},
  publisher={Cambridge university press}
}

@www{ranknl,
 title= {Stopword {L}ists},
  url= {http://bit.ly/2jwKvDa},
  year={2017}
}

@article{luhn1960key,
  title={Key word-in-context index for technical literature (kwic index)},
  author={Luhn, Hans Peter},
  journal={Journal of the Association for Information Science and Technology},
  volume={11},
  number={4},
  pages={288--295},
  year={1960},
  publisher={Wiley Online Library}
}

@article{lovins1968development,
  title={Development of a stemming algorithm},
  author={Lovins, Julie Beth},
  journal={Mech. Translat. \& Comp. Linguistics},
  volume={11},
  number={1-2},
  pages={22--31},
  year={1968}
}

@incollection{manning1995introduction,
  title={Introduction},
  author={Manning, DAC},
  booktitle={Introduction to Industrial Minerals},
  pages={1--16},
  year={1995},
  publisher={Springer}
}

@book{kuvcera1967computational,
  title={Computational analysis of present-day American English},
  author={Ku{\v{c}}era, Henry and Francis, Winthrop-Nelson},
  year={1967},
  publisher={Dartmouth Publishing Group}
}

@article{landauer1998introduction,
  title={An introduction to latent semantic analysis},
  author={Landauer, Thomas K and Foltz, Peter W and Laham, Darrell},
  journal={Discourse processes},
  volume={25},
  number={2-3},
  pages={259--284},
  year={1998},
  publisher={Taylor \& Francis}
}

@inproceedings{hofmann1999probabilistic,
  title={Probabilistic latent semantic analysis},
  author={Hofmann, Thomas},
  booktitle={Proceedings of the Fifteenth conference on Uncertainty in artificial intelligence},
  pages={289--296},
  year={1999},
  organization={Morgan Kaufmann Publishers Inc.}
}

@article{blei2003latent,
  title={Latent {D}irichlet allocation},
  author={Blei, David M and Ng, Andrew Y and Jordan, Michael I},
  journal={Journal of machine Learning research},
  volume={3},
  number={Jan},
  pages={993--1022},
  year={2003}
}

@inproceedings{yan2013biterm,
  title={A biterm topic model for short texts},
  author={Yan, Xiaohui and Guo, Jiafeng and Lan, Yanyan and Cheng, Xueqi},
  booktitle={Proceedings of the 22nd international conference on World Wide Web},
  pages={1445--1456},
  year={2013},
  organization={ACM}
}

@article{jivani2011comparative,
  title={A comparative study of stemming algorithms},
  author={Jivani, Anjali Ganesh and others},
  journal={Int. J. Comp. Tech. Appl},
  volume={2},
  number={6},
  pages={1930--1938},
  year={2011}
}

@article{schofield2016comparing,
  title={Comparing Apples to Apple: The Effects of Stemmers on Topic Models},
  author={Schofield, Alexandra and Mimno, David},
  journal={Transactions of the Association for Computational Linguistics},
  volume={4},
  pages={287--300},
  year={2016}
}

@inproceedings{yin2014dirichlet,
  title={A dirichlet multinomial mixture model-based approach for short text clustering},
  author={Yin, Jianhua and Wang, Jianyong},
  booktitle={Proceedings of the 20th ACM SIGKDD international conference on Knowledge discovery and data mining},
  pages={233--242},
  year={2014},
  organization={ACM}
}

@inproceedings{naveed2011searching,
  title={Searching microblogs: coping with sparsity and document quality},
  author={Naveed, Nasir and Gottron, Thomas and Kunegis, J{\'e}r{\^o}me and Alhadi, Arifah Che},
  booktitle={Proceedings of the 20th ACM international conference on Information and knowledge management},
  pages={183--188},
  year={2011},
  organization={ACM}
}

@inproceedings{sridhar2015unsupervised,
  title={Unsupervised Topic Modeling for Short Texts Using Distributed Representations of Words.},
  author={Sridhar, Vivek Kumar Rangarajan},
  booktitle={VS@ HLT-NAACL},
  pages={192--200},
  year={2015}
}

@inproceedings{zuo2016topic,
  title={Topic Modeling of Short Texts: A Pseudo-Document View},
  author={Zuo, Yuan and Wu, Junjie and Zhang, Hui and Lin, Hao and Wang, Fei and Xu, Ke and Xiong, Hui},
  booktitle={Proceedings of the 22nd ACM SIGKDD International Conference on Knowledge Discovery and Data Mining},
  pages={2105--2114},
  year={2016},
  organization={ACM}
}

@www{qualsample,
 title= {Qualitative {S}ample {S}ize},
  url= {http://bit.ly/2hWeh3R},
  year={2017}
}

@article{dale1948formula,
  title={A formula for predicting readability: Instructions},
  author={Dale, Edgar and Chall, Jeanne S},
  journal={Educational research bulletin},
  pages={37--54},
  year={1948},
  publisher={JSTOR}
}
 
@article{gunning1952technique,
  title={The technique of clear writing},
  author={Gunning, Robert},
  year={1952},
  publisher={McGraw-Hill, New York}
}

@article{coleman1975computer,
  title={A computer readability formula designed for machine scoring.},
  author={Coleman, Meri and Liau, Ta Lin},
  journal={Journal of Applied Psychology},
  volume={60},
  number={2},
  pages={283},
  year={1975},
  publisher={American Psychological Association}
}

@techreport{kincaid1975derivation,
  title={Derivation of new readability formulas (automated readability index, fog count and flesch reading ease formula) for navy enlisted personnel},
  author={Kincaid, J Peter and Fishburne Jr, Robert P and Rogers, Richard L and Chissom, Brad S},
  year={1975},
  institution={Naval Technical Training Command Millington TN Research Branch}
}


@article{galton1886regression,
  title={Regression towards mediocrity in hereditary stature.},
  author={Galton, Francis},
  journal={The Journal of the Anthropological Institute of Great Britain and Ireland},
  volume={15},
  pages={246--263},
  year={1886},
  publisher={JSTOR}
}

@article{samuel1959some,
  title={Some studies in machine learning using the game of checkers},
  author={Samuel, Arthur L},
  journal={IBM Journal of research and development},
  volume={3},
  number={3},
  pages={210--229},
  year={1959},
  publisher={IBM}
}

@article{provost1998glossary,
  title={Glossary of terms},
  author={Provost, F and Kohavi, R},
  journal={Journal of Machine Learning},
  volume={30},
  number={2-3},
  pages={271--274},
  year={1998}
}

@book{mohri2012foundations,
  title={Foundations of machine learning},
  author={Mohri, Mehryar and Rostamizadeh, Afshin and Talwalkar, Ameet},
  year={2012},
  publisher={MIT press}
}

@incollection{hastie2009unsupervised,
  title={Unsupervised learning},
  author={Hastie, Trevor and Tibshirani, Robert and Friedman, Jerome},
  booktitle={The elements of statistical learning},
  pages={485--585},
  year={2009},
  publisher={Springer}
}

@book{sutton1998reinforcement,
  title={Reinforcement learning: An introduction},
  author={Sutton, Richard S and Barto, Andrew G},
  volume={1},
  number={1},
  year={1998},
  publisher={MIT press Cambridge}
}

@book{russell2003artificial,
  title={Artificial intelligence: a modern approach},
  author={Russell, Stuart Jonathan and Norvig, Peter and Canny, John F and Malik, Jitendra M and Edwards, Douglas D},
  volume={2},
  number={9},
  year={2003},
  publisher={Prentice hall Upper Saddle River}
}

@inproceedings{sahami1998bayesian,
  title={A Bayesian approach to filtering junk e-mail},
  author={Sahami, Mehran and Dumais, Susan and Heckerman, David and Horvitz, Eric},
  booktitle={Learning for Text Categorization: Papers from the 1998 workshop},
  volume={62},
  pages={98--105},
  year={1998}
}

@article{quinlan1986induction,
  title={Induction of decision trees},
  author={Quinlan, J. Ross},
  journal={Machine learning},
  volume={1},
  number={1},
  pages={81--106},
  year={1986},
  publisher={Springer}
}

@article{sebastiani2002machine,
  title={Machine learning in automated text categorization},
  author={Sebastiani, Fabrizio},
  journal={ACM computing surveys (CSUR)},
  volume={34},
  number={1},
  pages={1--47},
  year={2002},
  publisher={ACM}
}

@article{cortes1995support,
  title={Support-vector networks},
  author={Cortes, Corinna and Vapnik, Vladimir},
  journal={Machine learning},
  volume={20},
  number={3},
  pages={273--297},
  year={1995},
  publisher={Springer}
}

@article{aizerman1964theoretical,
  title={Theoretical foundations of the potential function method in pattern recognition learning},
  author={Aizerman, Mark A},
  journal={Automation and remote control},
  volume={25},
  pages={821--837},
  year={1964}
}

@inproceedings{boser1992training,
  title={A training algorithm for optimal margin classifiers},
  author={Boser, Bernhard E and Guyon, Isabelle M and Vapnik, Vladimir N},
  booktitle={Proceedings of the fifth annual workshop on Computational learning theory},
  pages={144--152},
  year={1992},
  organization={ACM}
}

@inproceedings{osuna1997training,
  title={Training support vector machines: an application to face detection},
  author={Osuna, Edgar and Freund, Robert and Girosit, Federico},
  booktitle={Computer vision and pattern recognition, 1997. Proceedings., 1997 IEEE computer society conference on},
  pages={130--136},
  year={1997},
  organization={IEEE}
}

@article{liao2003combining,
  title={Combining pairwise sequence similarity and support vector machines for detecting remote protein evolutionary and structural relationships},
  author={Liao, Li and Noble, William Stafford},
  journal={Journal of computational biology},
  volume={10},
  number={6},
  pages={857--868},
  year={2003},
  publisher={Mary Ann Liebert, Inc.}
}

@inproceedings{ho1995random,
  title={Random decision forests},
  author={Ho, Tin Kam},
  booktitle={Document analysis and recognition, 1995., proceedings of the third international conference on},
  volume={1},
  pages={278--282},
  year={1995},
  organization={IEEE}
}

@book{friedman2001elements,
  title={The elements of statistical learning},
  author={Friedman, Jerome and Hastie, Trevor and Tibshirani, Robert},
  volume={1},
  year={2001},
  publisher={Springer series in statistics New York}
}

@article{breiman1996bagging,
  title={Bagging predictors},
  author={Breiman, Leo},
  journal={Machine learning},
  volume={24},
  number={2},
  pages={123--140},
  year={1996},
  publisher={Springer}
}

@article{morris1991lexical,
  title={Lexical cohesion computed by thesaural relations as an indicator of the structure of text},
  author={Morris, Jane and Hirst, Graeme},
  journal={Computational linguistics},
  volume={17},
  number={1},
  pages={21--48},
  year={1991},
  publisher={MIT Press}
}

@inproceedings{kozima1993text,
  title={Text segmentation based on similarity between words},
  author={Kozima, Hideki},
  booktitle={Proceedings of the 31st annual meeting on Association for Computational Linguistics},
  pages={286--288},
  year={1993},
  organization={Association for Computational Linguistics}
}

@inproceedings{reynar1994automatic,
  title={An automatic method of finding topic boundaries},
  author={Reynar, Jeffrey C},
  booktitle={Proceedings of the 32nd annual meeting on Association for Computational Linguistics},
  pages={331--333},
  year={1994},
  organization={Association for Computational Linguistics}
}

@article{beeferman1999statistical,
  title={Statistical models for text segmentation},
  author={Beeferman, Doug and Berger, Adam and Lafferty, John},
  journal={Machine learning},
  volume={34},
  number={1-3},
  pages={177--210},
  year={1999},
  publisher={Springer}
}

@inproceedings{galley2003discourse,
  title={Discourse segmentation of multi-party conversation},
  author={Galley, Michel and McKeown, Kathleen R and Fosler-Lussier, Eric and Jing, Hongyan},
  booktitle={Proceedings of the 41st Annual Meeting of the Association for Computational Linguistics},
  year={2003}
}

@inproceedings{nguyen2012sits,
  title={SITS: A hierarchical nonparametric model using speaker identity for topic segmentation in multiparty conversations},
  author={Nguyen, Viet-An and Boyd-Graber, Jordan and Resnik, Philip},
  booktitle={Proceedings of the 50th Annual Meeting of the Association for Computational Linguistics: Long Papers-Volume 1},
  pages={78--87},
  year={2012},
  organization={Association for Computational Linguistics}
}

@inproceedings{brooks2013statistical,
  title={Statistical affect detection in collaborative chat},
  author={Brooks, Michael and Kuksenok, Katie and Torkildson, Megan K and Perry, Daniel and Robinson, John J and Scott, Taylor J and Anicello, Ona and Zukowski, Ariana and Harris, Paul and Aragon, Cecilia R},
  booktitle={Proceedings of the 2013 conference on Computer supported cooperative work},
  pages={317--328},
  year={2013},
  organization={ACM}
}

@misc{schmidt2013detection,
  title={Detection of topic change in IRC chat logs},
  author={Schmidt, Alan P and Stone, Trevor KM},
  year={2013}
}

@article{joty2013topic,
  title={Topic segmentation and labeling in asynchronous conversations},
  author={Joty, Shafiq and Carenini, Giuseppe and Ng, Raymond T},
  journal={Journal of Artificial Intelligence Research},
  volume={47},
  pages={521--573},
  year={2013}
}

@article{uthus2013multiparticipant,
  title={Multiparticipant chat analysis: A survey},
  author={Uthus, David C and Aha, David W},
  journal={Artificial Intelligence},
  volume={199},
  pages={106--121},
  year={2013},
  publisher={Elsevier}
}