@www{europa2015sme,
 title= {{SME} Performance Review {E}uropean {SME}'s},
 author={Muller, Patrice and Caliandro, Cecilia and Peycheva, Viktoriya and Gagliardi, Dimitri and Marzocchi, Chiara and Ramlogan, Ronald and Cox, Deborah},
  url= {http://bit.ly/23NnKIx},
  year={2015}
}

@www{cloudbook2015,
 title= {Why Multi-Tenancy is Key to Successful and Sustainable Software-as-a-Service {(SaaS)}},
  url= {http://bit.ly/1vyAKDb},
  year={2015}
}

@www{datacentre2015,
 title= {From {G}oogle to {A}mazon - the rise of the cloud catalog},
  url= {http://bit.ly/1S5elbl},
  year={2015}
}


@www{CRN2015providers,
 title= {Pole Position: Ranking The Top 5 {IaaS}, {PaaS} And Private Cloud Providers},
  url= {http://bit.ly/1UQCaSf},
  year={2015}
}


@www{InfoWorld2015outage,
 title= {The 10 worst cloud outages},
  url= {http://bit.ly/1ISiawO},
  year={2015}
}

@www{CRN2015outage,
 title= {The 10 Biggest Cloud Outages Of 2015},
  url= {http://bit.ly/1QhMiiR},
  year={2015}
}

@inproceedings{yuan2014simple,
  title={Simple testing can prevent most critical failures: An analysis of production failures in distributed data-intensive systems},
  author={Yuan, Ding and Luo, Yu and Zhuang, Xin and Rodrigues, Guilherme Renna and Zhao, Xu and Zhang, Yongle and Jain, Pranay U and Stumm, Michael},
  booktitle={11th USENIX Symposium on Operating Systems Design and Implementation (OSDI 14)},
  pages={249--265},
  year={2014}
}

@inproceedings{hagen2012efficient,
  title={Efficient verification of IT change operations or: How we could have prevented Amazon's cloud outage},
  author={Hagen, Sebastian and Seibold, Michael and Kemper, Alfons},
  booktitle={Network Operations and Management Symposium (NOMS), 2012 IEEE},
  pages={368--376},
  year={2012},
  organization={IEEE}
}

@article{li2013cloud,
  title={The Cloud's Cloudy Moment: A Systematic Survey of Public Cloud Service Outage},
  author={Li, Zheng and Liang, Mingfei and {O}'{B}rien, Liam and Zhang, He},
  journal={arXiv preprint arXiv:1312.6485},
  year={2013}
}

@book{o2011practical,
  title={Practical reliability engineering},
  author={O'Connor, Patrick and Kleyner, Andre},
  year={2011},
  publisher={John Wiley \& Sons}
}

@phdthesis{almog1979study,
  title={A study of the application of the lognormal distribution to corrective maintenance repair time},
  author={Almog, Ronny},
  year={1979},
  school={Monterey, California. Naval Postgraduate School}
}

@article{carcary2014adoption,
  title={The adoption of cloud computing by {I}rish {SMEs}--an exploratory study},
  author={Carcary, Marian and Doherty, Eileen and Conway, Gerard},
  journal={Electronic Journal Information Systems Evaluation Volume},
  volume={17},
  number={1},
  year={2014}
}

@www{wikidef,
 title= {Wikipedia - The Free Encyclopedia},
  url= {https://en.wikipedia.org/wiki},
  year={2015}
}

@www{ADGoF,
 title= {Package ADGofTest},
 author={Carlos J. Gil Bellosta},
  url= {http://bit.ly/1NU3c5y},
}